@article{eberl_differentiation_2002,
	title = {Differentiation of human γδ T cells towards distinct memory phenotypes},
	volume = {218},
	rights = {https://www.elsevier.com/tdm/userlicense/1.0/},
	issn = {00088749},
	url = {https://linkinghub.elsevier.com/retrieve/pii/S0008874902005191},
	doi = {10.1016/S0008-8749(02)00519-1},
	pages = {1--6},
	number = {1},
	journaltitle = {Cellular Immunology},
	shortjournal = {Cellular Immunology},
	author = {Eberl, Matthias and Engel, Rosel and Beck, Ewald and Jomaa, Hassan},
	urldate = {2024-06-25},
	date = {2002-07},
	langid = {english},
}
